@misc{ KIP101,
	author = "",
	title = "KIP 101: Alter Replication Protocol to use Leader Epoch rather than High Watermark for Truncation",
	year = "2017" }

@misc{ KIP279,
	author = "",
	title = "KIP 279: Fix log divergence between leader and follower after fast leader fail over",
	year = "2018" }
