@manual{RD1,
	title  = "Replicated Logs: Quorums, ISRs, and State Machines (Oh my!)",
	author = "Reference Documentation",
	note   = "\url{https://kafka.apache.org/documentation/#design_replicatedlog}",
	year   = "accessed June 9, 2020"
}

@book{KDG,
	author = "Neha Narkhede, Gwen Shapira, Todd Palino",
	title     = "Kafka: The Definitive Guide: Real-Time Data and Stream Processing at Scale",
    publisher = "O'Reilly Media, Inc.",
	year    = "2017",
	isbn = "1491936134, 9781491936139"
}

@manual{KIP101,
	title  = "Alter Replication Protocol to use Leader Epoch rather than High Watermark for Truncation",
	author = "KIP 101",
	note   = "\url{https://tinyurl.com/ya7uzlfr}",
	year   = "accessed June 9, 2020"
}

@manual{KIP279,
	title  = "Fix log divergence between leader and follower after fast leader fail over",
	author = "KIP-279",
	note   = "\url{https://tinyurl.com/y99k5lr5}",
	year   = "accessed June 9, 2020"
}
